% Encoding: UTF-8

@MastersThesis{routley2015markov,
  author = {Routley, Kurt Douglas},
  school = {Applied Sciences:},
  title  = {A markov game model for valuing player actions in ice hockey},
  year   = {2015},
}

@Article{schulte2017markov,
  author    = {Schulte, Oliver and Khademi, Mahmoud and Gholami, Sajjad and Zhao, Zeyu and Javan, Mehrsan and Desaulniers, Philippe},
  journal   = {Data Mining and Knowledge Discovery},
  title     = {A Markov Game model for valuing actions, locations, and team performance in ice hockey},
  year      = {2017},
  number    = {6},
  pages     = {1735--1757},
  volume    = {31},
  publisher = {Springer},
}

@InProceedings{schulte2017apples,
  author    = {Schulte, Oliver and Zhao, Zeyu and Javan, Mehrsan and Desaulniers, Philippe},
  booktitle = {Proceedings of the MIT Sloan Sports Analytics Conference},
  title     = {Apples-to-apples: Clustering and ranking NHL players using location information and scoring impact},
  year      = {2017},
}

@Article{miskin2010skill,
  author    = {Miskin, Michelle A and Fellingham, Gilbert W and Florence, Lindsay W},
  journal   = {Journal of Quantitative Analysis in Sports},
  title     = {Skill importance in women's volleyball},
  year      = {2010},
  number    = {2},
  volume    = {6},
  publisher = {De Gruyter},
}

@Article{florence2008skill,
  author    = {Florence, Lindsay W and Fellingham, Gilbert W and Vehrs, Pat R and Mortensen, Nina P},
  journal   = {Journal of Quantitative Analysis in Sports},
  title     = {Skill evaluation in women's volleyball},
  year      = {2008},
  number    = {2},
  volume    = {4},
  publisher = {De Gruyter},
}

@Article{liu2018deep,
  author  = {Liu, Guiliang and Schulte, Oliver},
  journal = {arXiv preprint arXiv:1805.11088},
  title   = {Deep reinforcement learning in ice hockey for context-aware player evaluation},
  year    = {2018},
}

@Comment{jabref-meta: databaseType:bibtex;}
